@misc{website:computervision,
  author = "AWS",
  title = "What is computer vision.", 
  url = "https://aws.amazon.com/what-is/computer-vision/"
}

@misc{website:machinelearning,
  author       = {Vijay Kanade},
  title = {What is Machine Learning.},
  url        = {https://www.spiceworks.com/tech/artificial-intelligence/articles/what-is-ml/}
}

@misc{website:mongodb,
  author       = {AWS},
  title        = {The difference between MongoDB vs MySQL},
  url          = {https://aws.amazon.com/th/compare/the-difference-between-mongodb-vs-mysql/}
}

@misc{website:dbscan,
  author       = {Lalita Lowphansirikul},
  title        = {Clustering DBSCAN คืออะไร},
  url          = {https://medium.com/@lalital/clustering-dbscan-%E0%B8%84%E0%B8%B7%E0%B8%AD%E0%B8%AD%E0%B8%B0%E0%B9%84%E0%B8%A3-116b5d5c9873}
}

@misc{website:firebase,
  author       = {Krittanu Thavarojana},
  howpublished = {},
  title        = {Firebase คืออะไร},
  url          = {https://www.borntodev.com/2023/11/09/%E0%B8%81%E0%B8%B2%E0%B8%A3%E0%B9%83%E0%B8%8A%E0%B9%89%E0%B8%87%E0%B8%B2%E0%B8%99-firebase-%E0%B9%83%E0%B8%99-front-end/},
  year         = {}
}

@misc{website:flask,
  author       = {devhub.in.th},
  howpublished = {},
  title        = {พัฒนาเว็บด้วยภาษา Python (Flask)},
  year         = {},
  url          = {https://devhub.in.th/blog/flask-python},
}

@misc{website:html,
  author       = {mindphp.com},
  howpublished = {},
  title        = {HTML คืออะไร},
  year         = {},
  url          = {https://www.mindphp.com/%E0%B8%84%E0%B8%B9%E0%B9%88%E0%B8%A1%E0%B8%B7%E0%B8%AD/73-%E0%B8%84%E0%B8%B7%E0%B8%AD%E0%B8%AD%E0%B8%B0%E0%B9%84%E0%B8%A3/2026-html-%E0%B8%84%E0%B8%B7%E0%B8%AD%E0%B8%AD%E0%B8%B0%E0%B9%84%E0%B8%A3.html},
}

@misc{website:css,
  author       = {Petcha hostatom.com},
  howpublished = {},
  title        = {HTML Styles CSS},
  year         = {},
  url          = {https://kb.hostatom.com/22158/}
}

@misc{website:raspberrypi,
  author       = {ORE - Patiphan},
  howpublished = {Medium},
  title        = {ทำความรู้จักกับ Raspberry Pi},
  year         = {},
  url          = {https://medium.com/@patipanwinthachai/%E0%B8%97%E0%B8%B3-%E0%B8%84%E0%B8%A7%E0%B8%B2%E0%B8%A1%E0%B8%A3%E0%B8%B9%E0%B9%89%E0%B8%88%E0%B8%B1%E0%B8%81%E0%B8%81%E0%B8%B1%E0%B8%9A-raspberry-pi-377a5d8ad0bd},
}