% @book{aiw,
%     title = "Alice's Adventures in Wonderland",
%     author = "Lewis Carroll",
%     publisher = "George MacDonald",
%     year = 1865
% }

@book{stackoverflow,
  author = "Stack Overflow",
  title = "Stack Overflow {Website}",
  year = "2022", 
  url = "https://stackoverflow.com",
  note = "Accessed on 2022-02-15"
}